<?xml version="1.0" encoding="UTF-8"?><collection xmlns="http://www.loc.gov/MARC21/slim"><record><leader>00431nam--2200169-u-4500</leader><controlfield tag="001">000056825</controlfield><controlfield tag="002">20191031</controlfield><controlfield tag="005">20191031044545</controlfield><controlfield tag="008">191031s1000------------r-----000-0-eng-d</controlfield><datafield ind1=" " ind2=" " tag="041"><subfield code="a">rus</subfield></datafield><datafield ind1="1" ind2=" " tag="100"><subfield code="a">Janossy, L</subfield></datafield><datafield ind1="1" ind2="0" tag="245"><subfield code="a">THEORY AND PRACTICE OF THE EVALUATION OF MEASUREMENTS</subfield></datafield><datafield ind1=" " ind2=" " tag="260"><subfield code="a">MOSCOVA</subfield><subfield code="b">MIR</subfield><subfield code="c">1968</subfield></datafield><datafield ind1=" " ind2=" " tag="300"><subfield code="a">462 P</subfield></datafield><datafield ind1=" " ind2=" " tag="500"><subfield code="a">DONATIE GHEORGHE DINESCU</subfield></datafield><datafield ind1=" " ind2=" " tag="852"><subfield code="a">82718</subfield><subfield code="c">519.2</subfield></datafield><datafield ind1=" " ind2=" " tag="CAT"><subfield code="a">SYS</subfield><subfield code="c">20191031</subfield><subfield code="h">044545</subfield></datafield></record></collection>